<?xml version="1.0" encoding="UTF-8" ?>
<record Numero="16131535" format="InterXMarc_Complet" type="Authority">
<leader>00590c1 au22000272  45  <Pos Code="0004">00590</Pos>
<Pos Code="05" Sens="notice modifiée">c</Pos>
<Pos Code="06" Sens="notice validée en catalogage courant">1</Pos>
<Pos Code="08" Sens="notice d&apos;autorité">a</Pos>
<Pos Code="09" Sens="titre uniforme musical (TUM)">u</Pos>
<Pos Code="10">2</Pos>
<Pos Code="11">2</Pos>
<Pos Code="1216">00027</Pos>
<Pos Code="17" Sens="autres cas">2</Pos>
<Pos Code="20">4</Pos>
<Pos Code="21">5</Pos>
</leader>
<controlfield tag="001">FRBNF161315353<Pos Code="0001">FR</Pos>
<Pos Code="0204">BNF</Pos>
<Pos Code="0512">16131535</Pos>
<Pos Code="13">3</Pos>
</controlfield>
<controlfield tag="008">090908090909yy    sy        1912                             1   <Pos Code="0001">09</Pos>
<Pos Code="0203">09</Pos>
<Pos Code="0405">08</Pos>
<Pos Code="0607">09</Pos>
<Pos Code="0809">09</Pos>
<Pos Code="1011">09</Pos>
<Pos Code="1213" Sens="ne s&apos;applique pas">yy</Pos>
<Pos Code="1820">sy </Pos>
<Pos Code="2831">1912</Pos>
<Pos Code="61" Sens="La vedette peut être liée à une notice bibliographique sauf pour l&apos;accès matière RAMEAU">1</Pos>
</controlfield>
<datafield tag="048" ind1=" " ind2=" ">
	<subfield code="a">oa01<Pos Code="0001" Sens="orchestre - orchestre symphonique XIXe-XXe s.">oa</Pos>
<Pos Code="02">0</Pos>
<Pos Code="03">1</Pos>
</subfield>
</datafield>
<datafield tag="100" ind1=" " ind2=" ">
	<subfield code="3">13895502</subfield>
	<subfield code="w">.0..b.....</subfield>
	<subfield code="a">Ives</subfield>
	<subfield code="m">Charles</subfield>
	<subfield code="d">1874-1954</subfield>
</datafield>
<datafield tag="144" ind1="1" ind2=" ">
	<subfield code="w">....b.eng.</subfield>
	<subfield code="a">Decoration day</subfield>
	<subfield code="k">Ki V 31</subfield>
</datafield>
<datafield tag="444" ind1="1" ind2=" ">
	<subfield code="w">....b.fre.</subfield>
	<subfield code="a">Symphonies</subfield>
	<subfield code="n">No 5</subfield>
	<subfield code="i">Decoration day</subfield>
</datafield>
<datafield tag="502" ind1=" " ind2=" ">
	<subfield code="3">13913780</subfield>
	<subfield code="a">Ives</subfield>
	<subfield code="m">Charles</subfield>
	<subfield code="d">1874-1954</subfield>
	<subfield code="t">[Holidays symphony]</subfield>
</datafield>
<datafield tag="600" ind1=" " ind2=" ">
	<subfield code="a">Date de composition : 1912</subfield>
	<subfield code="a">1re exécution : La Havane, 27 Dec 1931</subfield>
</datafield>
<datafield tag="610" ind1=" " ind2=" ">
	<subfield code="a">Grove music online</subfield>
	<subfield code="u">http://www.oxfordmusiconline.com/</subfield>
	<subfield code="d">2009-09-09</subfield>
</datafield>
<datafield tag="610" ind1=" " ind2=" ">
	<subfield code="a">Bernstein conducts Ives [Enregistrement sonore] / New York philharmonic, orch.. Columbia MS 6843</subfield>
</datafield>
<Alter Ori="13895502">
<datafield tag="400" ind1=" " ind2=" ">
	<subfield code="w">....b.....</subfield>
	<subfield code="a">Ives</subfield>
	<subfield code="m">Charles Edward</subfield>
	<subfield code="d">1874-1954</subfield>
</datafield>
</Alter>
<Attr Nom="IDPerenne">ark:/12148/cb161315352</Attr>
<Attr Nom="Source" Sens="BnF catalogue général (depuis 1999)">A</Attr>
<Attr Nom="NumAutoriteLiee">1389550213913780</Attr>
<Attr Nom="DateCreation">08/09/ 2009</Attr>
<Attr Nom="ResponsableCreation">BOUDOUX D HAUTEFEUILLE MARIE-EDITH</Attr>
<Attr Nom="StructCreation">71</Attr>
<Attr Nom="DateDerniereValidation">09/11/ 2010</Attr>
<Attr Nom="ResponsableDerniereValidation">MIGV4</Attr>
<Attr Nom="StructPremiereValidation">71</Attr>
<Attr Nom="DatePremiereValidation">08/09/ 2009</Attr>
<Attr Nom="ResponsablePremiereValidation">BOUDOUX D HAUTEFEUILLE MARIE-EDITH</Attr>
<Attr Nom="StructDerniereValidation">1</Attr>
</record>
